|0000|016|1|01012022|31012022|Nome empresarial da entidade|10704071177600||AL|342641142|SUFRAMA|||A|1|
|0001|0|
|0005|FANTASIA|CEP|END|NUM|COMPL|BAIRRO|FONE||EMAIL|
|0100|NOME|CPF|CRC||CEP|END |NUM||BAIRRO|FONE||EMAIL|2700300|
|0150|113472|NOME|1058|CNPJ||IE|2700300||END|NUM||BAIRRO|
|0190|BA|UNIDADE|
|0200|000000000000135205|OLEO DE SOJA REF SOYA 20X900ML PET BR|17891107101628||CX|00|15079011|||||1706500|
|0400|1102002|Compra para Comerc - a Prazo|
|0450|999999|Documento Referenciado|
|0460|vFCP|0.52|
|0990|11|
|C001|0|
|C100|0|1|111491|55|00|SER|NUM_DOC|03104148010290154100104507247150821500020170|01012022|01012022|540|2|0|0|540|9|0|0|0|0|0|0|0|0|||||
|C170|1|001||1|UNID|540|0|0|041|2102|2102002|0|0|0|0|0|0||49||0|0|0|||||||||||||5050|0|
|C190|041|2102|0|540|0|0|0|0|0|0||
|C990|5|
|9001|0|
|9900|0000|1|
|9900|0001|1|
|9900|0005|1|
|9900|0100|1|
|9900|0150|1|
|9900|0190|1|
|9900|0200|1|
|9900|0400|1|
|9900|0450|1|
|9900|0460|1|
|9900|0990|1|
|9900|C001|1|
|9900|C100|1|
|9900|C170|1|
|9900|C190|1|
|9900|C990|1|
|9900|9900|17|
|9990|19|
|9999|36|